 
@MISC{Hochreiter95longshort-term,
    author = {Sepp Hochreiter and JÃ¼rgen Schmidhuber},
    title = {Long Short-term Memory},
    year = {1995}
}