/home/giulio/RNNs/docs/Tasks/../biblio.bib