 


@@@@@@@@@@@@@@@
BACKPROPAGATION

@incollection{Rumelhart86,
 author = {Rumelhart, D. E. and Hinton, G. E. and Williams, R. J.},
 chapter = {Learning Internal Representations by Error Propagation},
 title = {Parallel Distributed Processing: Explorations in the Microstructure of Cognition, Vol. 1},
 editor = {Rumelhart, David E. and McClelland, James L. and PDP Research Group, CORPORATE},
 year = {1986},
 isbn = {0-262-68053-X},
 pages = {318--362},
 numpages = {45},
 url = {http://dl.acm.org/citation.cfm?id=104279.104293},
 acmid = {104293},
 publisher = {MIT Press},
 address = {Cambridge, MA, USA},
} 

@article{Williams90anefficient,
    author = {Ronald J. Williams and Jing Peng},
    title = {An Efficient Gradient-Based Algorithm for On-Line Training of Recurrent Network Trajectories},
    journal = {Neural Computation},
    year = {1990},
    volume = {2},
    pages = {490--501}
}


@@@@@@@@@@@@@@@@@
ON EXPRESSIVENESS

@@FFNN
@article{Hornik89,
 author = {Hornik, K. and Stinchcombe, M. and White, H.},
 title = {Multilayer Feedforward Networks Are Universal Approximators},
 journal = {Neural Netw.},
 issue_date = {1989},
 volume = {2},
 number = {5},
 month = jul,
 year = {1989},
 issn = {0893-6080},
 pages = {359--366},
 numpages = {8},
 url = {http://dx.doi.org/10.1016/0893-6080(89)90020-8},
 doi = {10.1016/0893-6080(89)90020-8},
 acmid = {70408},
 publisher = {Elsevier Science Ltd.},
 address = {Oxford, UK, UK},
}

@@TURING

@MISC{Hyotyniemi96turingmachines,
    author = {Heikki Hyotyniemi},
    title = {Turing Machines are Recurrent Neural Networks},
    year = {1996}
}

@ARTICLE{Siegelmann91turingcomputability,
    author = {Hava T. Siegelmann and Eduardo D. Sontag},
    title = {Turing Computability With Neural Nets},
    journal = {Applied Mathematics Letters},
    year = {1991},
    volume = {4},
    pages = {77--80}
}

@@@@@@@@@@@
ON LEARNING

@misc{Hochreiter95longshort-term,
    author = {Sepp Hochreiter and JÃ¼rgen Schmidhuber},
    title = {Long Short-term Memory},
    year = {1995}
}